@article{roshanaei2017propagating,
  title={Propagating logic-based Bendersâ€™ decomposition approaches for distributed operating room scheduling},
  author={Roshanaei, Vahid and Luong, Curtiss and Aleman, Dionne M and Urbach, David},
  journal={European Journal of Operational Research},
  volume={257},
  number={2},
  pages={439--455},
  year={2017},
  publisher={Elsevier}
}

@inbook{LBBDBible,
author = {Hooker, John},
year = {2019},
month = {09},
pages = {1-26},
title = {Logic-Based Benders Decomposition for Large-Scale Optimization},
isbn = {978-3-030-22787-6},
doi = {10.1007/978-3-030-22788-3_1}
}